<record><leader>00000cas a22000007a 4500</leader><controlfield tag="001">21212650</controlfield><controlfield tag="008">900314c19899999nbudn ne      0   a0eng d</controlfield><datafield ind1=" " ind2=" " tag="010"><subfield code="a">sn 90002651 </subfield></datafield><datafield ind1=" " ind2=" " tag="040"><subfield code="a">NSD</subfield><subfield code="b">eng</subfield><subfield code="c">NSD</subfield><subfield code="d">NVG</subfield><subfield code="d">OCLCQ</subfield></datafield><datafield ind1=" " ind2=" " tag="012"><subfield code="m">y</subfield></datafield><datafield ind1="1" ind2=" " tag="022"><subfield code="a">1049-3018</subfield><subfield code="l">1049-3018</subfield><subfield code="y">0748-5387</subfield><subfield code="2">1</subfield></datafield><datafield ind1="1" ind2=" " tag="029"><subfield code="a">AU@</subfield><subfield code="b">000025847771</subfield></datafield><datafield ind1="1" ind2=" " tag="029"><subfield code="a">NZ1</subfield><subfield code="b">16075636</subfield></datafield><datafield ind1=" " ind2=" " tag="032"><subfield code="a">225620</subfield><subfield code="b">USPS</subfield></datafield><datafield ind1=" " ind2=" " tag="037"><subfield code="b">Grand Island Independent, PO Box 1208, Grand Island, NE 68802</subfield></datafield><datafield ind1=" " ind2=" " tag="042"><subfield code="a">nsdp</subfield><subfield code="a">msc</subfield></datafield><datafield ind1=" " ind2="4" tag="222"><subfield code="a">The Grand Island independent</subfield></datafield><datafield ind1="0" ind2="4" tag="245"><subfield code="a">The Grand Island independent.</subfield></datafield><datafield ind1=" " ind2=" " tag="260"><subfield code="a">Grand Island, Neb. :</subfield><subfield code="b">Grand Island Independent</subfield></datafield><datafield ind1=" " ind2=" " tag="300"><subfield code="a">v.</subfield></datafield><datafield ind1=" " ind2=" " tag="310"><subfield code="a">Daily (except Jan. 1, July 4, Thanksgiving Day, Dec. 25)</subfield></datafield><datafield ind1="1" ind2=" " tag="362"><subfield code="a">Began with Nov. 11, 1989 issue.</subfield></datafield><datafield ind1=" " ind2=" " tag="580"><subfield code="a">Formed by the union of: The Grand Island daily independent (Regular ed.); and: The Grand Island daily independent (Mail ed.).</subfield></datafield><datafield ind1=" " ind2=" " tag="588"><subfield code="a">Description based on: Vol. 119, no. 218 (Feb. 6, 1990).</subfield></datafield><datafield ind1=" " ind2=" " tag="752"><subfield code="a">United States</subfield><subfield code="b">Nebraska</subfield><subfield code="c">Hall</subfield><subfield code="d">Grand Island.</subfield></datafield><datafield ind1="1" ind2="4" tag="780"><subfield code="t">Grand Island daily independent (Regular ed.)</subfield><subfield code="x">0748-5387</subfield><subfield code="w">(OCoLC)10588849</subfield></datafield><datafield ind1="1" ind2="4" tag="780"><subfield code="t">Grand Island daily independent (Mail ed.)</subfield><subfield code="x">0748-5379</subfield><subfield code="w">(OCoLC)10961712</subfield></datafield></record>